<?xml version="1.0" encoding="UTF-8"?><record xmlns="http://www.loc.gov/MARC21/slim" xmlns:cinclude="http://apache.org/cocoon/include/1.0" xmlns:zs="http://www.loc.gov/zing/srw/">
  <leader>00572nz  a2200133n  4500</leader>
  <controlfield tag="001">n  90654807 </controlfield>
  <controlfield tag="003">DLC</controlfield>
  <controlfield tag="005">19900608073545.1</controlfield>
  <controlfield tag="008">900608n| acannaab|          |a ana |||  </controlfield>
  <datafield tag="010" ind1=" " ind2=" ">
    <subfield code="a">n  90654807 </subfield>
  </datafield>
  <datafield tag="040" ind1=" " ind2=" ">
    <subfield code="a">DLC</subfield>
    <subfield code="c">DLC</subfield>
  </datafield>
  <datafield tag="110" ind1="2" ind2="0">
    <subfield code="a">Freiherrlich Gayling von Altheim'sches Gesamtarchiv</subfield>
  </datafield>
  <datafield tag="410" ind1="2" ind2="0">
    <subfield code="a">Gayling-Archiv</subfield>
  </datafield>
  <datafield tag="670" ind1=" " ind2=" ">
    <subfield code="a">Oberrheinische Quellen und Forschungen ; 2. Barockschloss Ebnet, c1989:</subfield>
    <subfield code="b">ser. t.p. (Freiherrlich Gayling von Altheim'schen Gesamtarchiv Schloss Ebnet, Freiburg im Breisgau) p. 43, etc. (Freiherrlich Gayling v. Altheim'sches Gesamtarchiv; Gayling-Archiv)</subfield>
  </datafield>
</record>